##############################
### CATEGORY
##############################
@book{wuGraphNeuralNetworks2022,
  title = {Graph {{Neural Networks}}: {{Foundations}}, {{Frontiers}}, and {{Applications}}},
  shorttitle = {Graph {{Neural Networks}}},
  editor = {Wu, Lingfei and Cui, Peng and Pei, Jian and Zhao, Liang},
  year = {2022},
  publisher = {{Springer Nature Singapore}},
  doi = {10.1007/978-981-16-6054-2}
}
